@artical {Arone-Kankaanrinta98,
    AUTHOR = {Arone, Greg and Kankaanrinta, Marja},
     TITLE = {A functorial model for iterated {S}naith splitting with
              applications to calculus of functors},
 BOOKTITLE = {Stable and unstable homotopy ({T}oronto, {ON}, 1996)},
    SERIES = {Fields Inst. Commun.},
    VOLUME = {19},
     PAGES = {1--30},
 PUBLISHER = {Amer. Math. Soc., Providence, RI},
      YEAR = {1998},
   MRCLASS = {55P15},
  MRNUMBER = {1622334},
       DOI = {10.1016/s0022-4049(97)00050-9},
       URL = {https://doi.org/10.1016/s0022-4049(97)00050-9},
}

@article {May01,
    AUTHOR = {May, J. P.},
     TITLE = {Picard groups, {G}rothendieck rings, and {B}urnside rings of
              categories},
   JOURNAL = {Adv. Math.},
  FJOURNAL = {Advances in Mathematics},
    VOLUME = {163},
      YEAR = {2001},
    NUMBER = {1},
     PAGES = {1--16},
      ISSN = {0001-8708},
   MRCLASS = {18D10 (55P42)},
  MRNUMBER = {1867201},
MRREVIEWER = {Pilar C. Carrasco},
       DOI = {10.1006/aima.2001.1996},
       URL = {https://doi.org/10.1006/aima.2001.1996},
}

@article {Bousfield96,
    AUTHOR = {Bousfield, A. K.},
     TITLE = {On {$\lambda$}-rings and the {$K$}-theory of infinite loop
              spaces},
   JOURNAL = {$K$-Theory},
  FJOURNAL = {$K$-Theory. An Interdisciplinary Journal for the Development,
              Application, and Influence of $K$-Theory in the Mathematical
              Sciences},
    VOLUME = {10},
      YEAR = {1996},
    NUMBER = {1},
     PAGES = {1--30},
      ISSN = {0920-3036},
   MRCLASS = {55N15 (19L20 55P47 55S25)},
  MRNUMBER = {1373816},
MRREVIEWER = {Robert D. Thompson},
       DOI = {10.1007/BF00534886},
       URL = {https://doi.org/10.1007/BF00534886},
}
	
@article {BousfieldSpectra,
    AUTHOR = {Bousfield, A. K.},
     TITLE = {The localization of spectra with respect to homology},
   JOURNAL = {Topology},
  FJOURNAL = {Topology. An International Journal of Mathematics},
    VOLUME = {18},
      YEAR = {1979},
    NUMBER = {4},
     PAGES = {257--281},
      ISSN = {0040-9383},
   MRCLASS = {55N20 (55N15 55P60)},
  MRNUMBER = {551009},
MRREVIEWER = {Willi Meier},
       DOI = {10.1016/0040-9383(79)90018-1},
       URL = {https://doi.org/10.1016/0040-9383(79)90018-1},
}
@article {BousfieldSpaces,
    AUTHOR = {Bousfield, A. K.},
     TITLE = {The localization of spaces with respect to homology},
   JOURNAL = {Topology},
  FJOURNAL = {Topology. An International Journal of Mathematics},
    VOLUME = {14},
      YEAR = {1975},
     PAGES = {133--150},
      ISSN = {0040-9383},
   MRCLASS = {55D05},
  MRNUMBER = {380779},
MRREVIEWER = {M. Mimura},
       DOI = {10.1016/0040-9383(75)90023-3},
       URL = {https://doi.org/10.1016/0040-9383(75)90023-3},
}
	
@article {Bousfield99,
    AUTHOR = {Bousfield, A. K.},
     TITLE = {The {$K$}-theory localizations and {$v_1$}-periodic homotopy
              groups of {$H$}-spaces},
   JOURNAL = {Topology},
  FJOURNAL = {Topology. An International Journal of Mathematics},
    VOLUME = {38},
      YEAR = {1999},
    NUMBER = {6},
     PAGES = {1239--1264},
      ISSN = {0040-9383},
   MRCLASS = {55P60 (55P45 55Q51)},
  MRNUMBER = {1690156},
       DOI = {10.1016/S0040-9383(98)00052-4},
       URL = {https://doi.org/10.1016/S0040-9383(98)00052-4},
}
@book {Bousfield-KanYellow,
    AUTHOR = {Bousfield, A. K. and Kan, D. M.},
     TITLE = {Homotopy limits, completions and localizations},
    SERIES = {Lecture Notes in Mathematics, Vol. 304},
 PUBLISHER = {Springer-Verlag, Berlin-New York},
      YEAR = {1972},
     PAGES = {v+348},
   MRCLASS = {55J05},
  MRNUMBER = {0365573},
MRREVIEWER = {Harold Hastings},
}

@book {Conner-Floyd,
    AUTHOR = {Conner, P. E. and Floyd, E. E.},
     TITLE = {The relation of cobordism to {$K$}-theories},
    SERIES = {Lecture Notes in Mathematics, No. 28},
 PUBLISHER = {Springer-Verlag, Berlin-New York},
      YEAR = {1966},
     PAGES = {v+112},
   MRCLASS = {57.10 (55.00)},
  MRNUMBER = {0216511},
MRREVIEWER = {M. F. Atiyah},
}

@article {HPS,
    AUTHOR = {Hovey, Mark and Palmieri, John H. and Strickland, Neil P.},
     TITLE = {Axiomatic stable homotopy theory},
   JOURNAL = {Mem. Amer. Math. Soc.},
  FJOURNAL = {Memoirs of the American Mathematical Society},
    VOLUME = {128},
      YEAR = {1997},
    NUMBER = {610},
     PAGES = {x+114},
      ISSN = {0065-9266},
   MRCLASS = {55U35 (18E30 18G35 55N20 55P42 55P60 55U15)},
  MRNUMBER = {1388895},
MRREVIEWER = {J. P. C. Greenlees},
       DOI = {10.1090/memo/0610},
       URL = {https://doi.org/10.1090/memo/0610},
}

@misc{HA,
    AUTHOR = {Lurie, Jacob},
     TITLE = {Higher Algebra},
      YEAR = {2017},
      howpublished = "\url{https://www.math.ias.edu/~lurie/papers/HA.pdf}",
}

@misc{LurieEllipticI,
AUTHOR = {Lurie, Jacob},
     TITLE = {Elliptic Cohomology {I}: Spectral Abelian Varieties},
      YEAR = {2018},
      howpublished = "\url{https://www.math.ias.edu/~lurie/papers/Elliptic-I.pdf}",
}
@book {CatAlg,
    AUTHOR = {Borceux, Francis},
     TITLE = {Handbook of categorical algebra. 2},
    SERIES = {Encyclopedia of Mathematics and its Applications},
    VOLUME = {51},
      NOTE = {Categories and structures},
 PUBLISHER = {Cambridge University Press, Cambridge},
      YEAR = {1994},
     PAGES = {xviii+443},
      ISBN = {0-521-44179-X},
   MRCLASS = {18-02 (18Exx)},
  MRNUMBER = {1313497},
MRREVIEWER = {Martin Hyland},
}

@book {GTM205,
    AUTHOR = {F\'{e}lix, Yves and Halperin, Stephen and Thomas, Jean-Claude},
     TITLE = {Rational homotopy theory},
    SERIES = {Graduate Texts in Mathematics},
    VOLUME = {205},
 PUBLISHER = {Springer-Verlag, New York},
      YEAR = {2001},
     PAGES = {xxxiv+535},
      ISBN = {0-387-95068-0},
   MRCLASS = {55P62 (18Gxx 55U35)},
  MRNUMBER = {1802847},
MRREVIEWER = {John F. Oprea},
       DOI = {10.1007/978-1-4613-0105-9},
       URL = {https://doi.org/10.1007/978-1-4613-0105-9},
}

@book {HTT,
    AUTHOR = {Lurie, Jacob},
     TITLE = {Higher topos theory},
    SERIES = {Annals of Mathematics Studies},
    VOLUME = {170},
 PUBLISHER = {Princeton University Press, Princeton, NJ},
      YEAR = {2009},
     PAGES = {xviii+925},
      ISBN = {978-0-691-14049-0; 0-691-14049-9},
   MRCLASS = {18-02 (18B25 18E35 18G30 18G55 55U40)},
  MRNUMBER = {2522659},
MRREVIEWER = {Mark Hovey},
       DOI = {10.1515/9781400830558},
       URL = {https://doi.org/10.1515/9781400830558},
}

@article {Quillen_RHT,
    AUTHOR = {Quillen, Daniel},
     TITLE = {Rational homotopy theory},
   JOURNAL = {Ann. of Math. (2)},
  FJOURNAL = {Annals of Mathematics. Second Series},
    VOLUME = {90},
      YEAR = {1969},
     PAGES = {205--295},
      ISSN = {0003-486X},
   MRCLASS = {55.40},
  MRNUMBER = {258031},
MRREVIEWER = {J. F. Adams},
       DOI = {10.2307/1970725},
       URL = {https://doi.org/10.2307/1970725},
}

@article {Heuts_Goodwillie,
    AUTHOR = {Heuts, Gijs},
     TITLE = {Goodwillie approximations to higher categories},
   JOURNAL = {Mem. Amer. Math. Soc.},
  FJOURNAL = {Memoirs of the American Mathematical Society},
    VOLUME = {272},
      YEAR = {2021},
    NUMBER = {1333},
     PAGES = {ix+108},
      ISSN = {0065-9266},
      ISBN = {978-1-4704-4893-6; 978-1-4704-6749-4},
   MRCLASS = {55U35 (18N10 55P15 55P48 55P65 55U40)},
  MRNUMBER = {4320769},
       DOI = {10.1090/memo/1333},
       URL = {https://doi.org/10.1090/memo/1333},
}

@article {Peroux,
    AUTHOR = {P\'{e}roux, Maximilien and Shipley, Brooke},
     TITLE = {Coalgebras in symmetric monoidal categories of spectra},
   JOURNAL = {Homology Homotopy Appl.},
  FJOURNAL = {Homology, Homotopy and Applications},
    VOLUME = {21},
      YEAR = {2019},
    NUMBER = {1},
     PAGES = {1--18},
      ISSN = {1532-0073},
   MRCLASS = {55P43 (16T15 18D10 55P42)},
  MRNUMBER = {3852287},
MRREVIEWER = {Birgit Richter},
       DOI = {10.4310/HHA.2019.v21.n1.a1},
       URL = {https://doi.org/10.4310/HHA.2019.v21.n1.a1},
}

@article{heuts2018lie,
    AUTHOR = {Heuts, Gijs},
     TITLE = {Lie algebras and {$v_n$}-periodic spaces},
   JOURNAL = {Ann. of Math. (2)},
  FJOURNAL = {Annals of Mathematics. Second Series},
    VOLUME = {193},
      YEAR = {2021},
    NUMBER = {1},
     PAGES = {223--301},
      ISSN = {0003-486X},
   MRCLASS = {55P43 (55P62 55Q51)},
  MRNUMBER = {4199731},
       DOI = {10.4007/annals.2021.193.1.3},
       URL = {https://doi.org/10.4007/annals.2021.193.1.3},
}

@ARTICLE{HeutsSurvey,
 AUTHOR = {Heuts, Gijs},
     TITLE = {Lie algebra models for unstable homotopy theory},
 BOOKTITLE = {Handbook of homotopy theory},
    SERIES = {CRC Press/Chapman Hall Handb. Math. Ser.},
     PAGES = {657--698},
 PUBLISHER = {CRC Press, Boca Raton, FL},
      YEAR = {[2020] \copyright 2020},
   MRCLASS = {55Q51 (55P43 55P60 55P62 55Q15)},
  MRNUMBER = {4197996},
}

@article {GoodwillieIII,
    AUTHOR = {Goodwillie, Thomas G.},
     TITLE = {Calculus. {III}. {T}aylor series},
   JOURNAL = {Geom. Topol.},
  FJOURNAL = {Geometry and Topology},
    VOLUME = {7},
      YEAR = {2003},
     PAGES = {645--711},
      ISSN = {1465-3060},
   MRCLASS = {55P65 (19D10 55P42 55U35)},
  MRNUMBER = {2026544},
MRREVIEWER = {Daniel C. Isaksen},
       DOI = {10.2140/gt.2003.7.645},
       URL = {https://doi.org/10.2140/gt.2003.7.645},
}

@article {GoodwillieII,
    AUTHOR = {Goodwillie, Thomas G.},
     TITLE = {Calculus. {II}. {A}nalytic functors},
   JOURNAL = {$K$-Theory},
  FJOURNAL = {$K$-Theory. An Interdisciplinary Journal for the Development,
              Application, and Influence of $K$-Theory in the Mathematical
              Sciences},
    VOLUME = {5},
      YEAR = {1991/92},
    NUMBER = {4},
     PAGES = {295--332},
      ISSN = {0920-3036},
   MRCLASS = {55P65 (18G55 19D10 55Q30)},
  MRNUMBER = {1162445},
MRREVIEWER = {Roland Schw\"{a}nzl},
       DOI = {10.1007/BF00535644},
       URL = {https://doi.org/10.1007/BF00535644},
}
@article {GoodwillieI,
    AUTHOR = {Goodwillie, Thomas G.},
     TITLE = {Calculus. {I}. {T}he first derivative of pseudoisotopy theory},
   JOURNAL = {$K$-Theory},
  FJOURNAL = {$K$-Theory. An Interdisciplinary Journal for the Development,
              Application, and Influence of $K$-Theory in the Mathematical
              Sciences},
    VOLUME = {4},
      YEAR = {1990},
    NUMBER = {1},
     PAGES = {1--27},
      ISSN = {0920-3036},
   MRCLASS = {57Q10 (19M05 55P99)},
  MRNUMBER = {1076523},
       DOI = {10.1007/BF00534191},
       URL = {https://doi.org/10.1007/BF00534191},
}

@article {JohnsonDerivative,
    AUTHOR = {Johnson, Brenda},
     TITLE = {The derivatives of homotopy theory},
   JOURNAL = {Trans. Amer. Math. Soc.},
  FJOURNAL = {Transactions of the American Mathematical Society},
    VOLUME = {347},
      YEAR = {1995},
    NUMBER = {4},
     PAGES = {1295--1321},
      ISSN = {0002-9947},
   MRCLASS = {55P65},
  MRNUMBER = {1297532},
MRREVIEWER = {Paul Selick},
       DOI = {10.2307/2154811},
       URL = {https://doi.org/10.2307/2154811},
}

@article {ChingBar,
    AUTHOR = {Ching, Michael},
     TITLE = {Bar constructions for topological operads and the {G}oodwillie
              derivatives of the identity},
   JOURNAL = {Geom. Topol.},
  FJOURNAL = {Geometry and Topology},
    VOLUME = {9},
      YEAR = {2005},
     PAGES = {833--933},
      ISSN = {1465-3060},
   MRCLASS = {55P48 (18D50 55P43)},
  MRNUMBER = {2140994},
MRREVIEWER = {Beno\^{\i}t Fresse},
       DOI = {10.2140/gt.2005.9.833},
       URL = {https://doi.org/10.2140/gt.2005.9.833},
}

@article {Shipleytheorem,
    AUTHOR = {Shipley, Brooke},
     TITLE = {{$H\Bbb Z$}-algebra spectra are differential graded algebras},
   JOURNAL = {Amer. J. Math.},
  FJOURNAL = {American Journal of Mathematics},
    VOLUME = {129},
      YEAR = {2007},
    NUMBER = {2},
     PAGES = {351--379},
      ISSN = {0002-9327},
   MRCLASS = {55P42 (18G55 55P20 55P43 55U35)},
  MRNUMBER = {2306038},
MRREVIEWER = {Tyler D. Lawson},
       DOI = {10.1353/ajm.2007.0014},
       URL = {https://doi.org/10.1353/ajm.2007.0014},
}


@article {BehrensGood,
    AUTHOR = {Behrens, Mark},
     TITLE = {The {G}oodwillie tower and the {EHP} sequence},
   JOURNAL = {Mem. Amer. Math. Soc.},
  FJOURNAL = {Memoirs of the American Mathematical Society},
    VOLUME = {218},
      YEAR = {2012},
    NUMBER = {1026},
     PAGES = {xii+90},
      ISSN = {0065-9266},
      ISBN = {978-0-8218-6902-4},
   MRCLASS = {55Q40 (55Q10 55Q15)},
  MRNUMBER = {2976788},
MRREVIEWER = {Gregory Z. Arone},
       DOI = {10.1090/S0065-9266-2011-00645-3},
       URL = {https://doi.org/10.1090/S0065-9266-2011-00645-3},
}

@article {Arone-Mahowald,
    AUTHOR = {Arone, Greg and Mahowald, Mark},
     TITLE = {The {G}oodwillie tower of the identity functor and the
              unstable periodic homotopy of spheres},
   JOURNAL = {Invent. Math.},
  FJOURNAL = {Inventiones Mathematicae},
    VOLUME = {135},
      YEAR = {1999},
    NUMBER = {3},
     PAGES = {743--788},
      ISSN = {0020-9910},
   MRCLASS = {55Q40 (55N91 55Q10 55Q51)},
  MRNUMBER = {1669268},
MRREVIEWER = {N. J. Kuhn},
       DOI = {10.1007/s002220050300},
       URL = {https://doi.org/10.1007/s002220050300},
}

@article {BrantnerPhD,
    AUTHOR = {Brantner, Lukas},
     TITLE = {The {L}ubin-{T}ate theory of spectral {L}ie algebras},
   JOURNAL = {PhD thesis, Harvard University},
      YEAR = {2017},
}

@article {AnickRlocal,
    AUTHOR = {Anick, David J.},
     TITLE = {An {$R$}-local {M}ilnor-{M}oore theorem},
   JOURNAL = {Adv. Math.},
  FJOURNAL = {Advances in Mathematics},
    VOLUME = {77},
      YEAR = {1989},
    NUMBER = {1},
     PAGES = {116--136},
      ISSN = {0001-8708},
   MRCLASS = {55P62},
  MRNUMBER = {1014074},
MRREVIEWER = {Marc Aubry},
       DOI = {10.1016/0001-8708(89)90016-9},
       URL = {https://doi.org/10.1016/0001-8708(89)90016-9},
}

@article {AnickHopf,
    AUTHOR = {Anick, David J.},
     TITLE = {Hopf algebras up to homotopy},
   JOURNAL = {J. Amer. Math. Soc.},
  FJOURNAL = {Journal of the American Mathematical Society},
    VOLUME = {2},
      YEAR = {1989},
    NUMBER = {3},
     PAGES = {417--453},
      ISSN = {0894-0347},
   MRCLASS = {16A24 (55P15)},
  MRNUMBER = {991015},
MRREVIEWER = {Daniel Tanr\'{e}},
       DOI = {10.2307/1990938},
       URL = {https://doi.org/10.2307/1990938},
}


@article {Dwyer,
    AUTHOR = {Dwyer, W. G.},
     TITLE = {Tame homotopy theory},
   JOURNAL = {Topology},
  FJOURNAL = {Topology. An International Journal of Mathematics},
    VOLUME = {18},
      YEAR = {1979},
    NUMBER = {4},
     PAGES = {321--338},
      ISSN = {0040-9383},
   MRCLASS = {55P62 (55P60)},
  MRNUMBER = {551014},
MRREVIEWER = {Haynes R. Miller},
       DOI = {10.1016/0040-9383(79)90023-5},
       URL = {https://doi.org/10.1016/0040-9383(79)90023-5},
}

@article {HessMildandTame,
    AUTHOR = {Hess, Kathryn P.},
     TITLE = {Mild and tame homotopy theory},
   JOURNAL = {J. Pure Appl. Algebra},
  FJOURNAL = {Journal of Pure and Applied Algebra},
    VOLUME = {84},
      YEAR = {1993},
    NUMBER = {3},
     PAGES = {277--310},
      ISSN = {0022-4049},
   MRCLASS = {55P15 (55P60)},
  MRNUMBER = {1201258},
MRREVIEWER = {John F. Oprea},
       DOI = {10.1016/0022-4049(93)90003-C},
       URL = {https://doi.org/10.1016/0022-4049(93)90003-C},
}

@article {Cohen-Moore-NeisendorferII,
    AUTHOR = {Cohen, F. R. and Moore, J. C. and Neisendorfer, J. A.},
     TITLE = {The double suspension and exponents of the homotopy groups of
              spheres},
   JOURNAL = {Ann. of Math. (2)},
  FJOURNAL = {Annals of Mathematics. Second Series},
    VOLUME = {110},
      YEAR = {1979},
    NUMBER = {3},
     PAGES = {549--565},
      ISSN = {0003-486X},
   MRCLASS = {55Q40},
  MRNUMBER = {554384},
MRREVIEWER = {M. Mahowald},
       DOI = {10.2307/1971238},
       URL = {https://doi.org/10.2307/1971238},
}

@article {KnudsenHEA,
    AUTHOR = {Knudsen, Ben},
     TITLE = {Higher enveloping algebras},
   JOURNAL = {Geom. Topol.},
  FJOURNAL = {Geometry \& Topology},
    VOLUME = {22},
      YEAR = {2018},
    NUMBER = {7},
     PAGES = {4013--4066},
      ISSN = {1465-3060},
   MRCLASS = {17B35 (55P35 55P48 55R80)},
  MRNUMBER = {3890770},
MRREVIEWER = {Jerry Lodder},
       DOI = {10.2140/gt.2018.22.4013},
       URL = {https://doi.org/10.2140/gt.2018.22.4013},
}

@article{Ching-Salvatore,
    title={Koszul duality for topological ${E}_n$-operads},
    author={Michael Ching and Paolo Salvatore},
    year={2020},
    eprint={2002.03878},
    archivePrefix={arXiv},
    primaryClass={math.AT}
}

@article{kerodon,
  author       = {Jacob Lurie},
  title        = {Kerodon},
  howpublished = {\url{https://kerodon.net}},
  year         = {2020},
}

@article {Gepner-Haugseng,
    AUTHOR = {Gepner, David and Haugseng, Rune},
     TITLE = {Enriched {$\infty$}-categories via non-symmetric
              {$\infty$}-operads},
   JOURNAL = {Adv. Math.},
  FJOURNAL = {Advances in Mathematics},
    VOLUME = {279},
      YEAR = {2015},
     PAGES = {575--716},
      ISSN = {0001-8708},
   MRCLASS = {18D20 (18D10 18D50)},
  MRNUMBER = {3345192},
MRREVIEWER = {Christopher L. Rogers},
       DOI = {10.1016/j.aim.2015.02.007},
       URL = {https://doi.org/10.1016/j.aim.2015.02.007},
}

@article{Haugsengsymseq,
       author = {{Haugseng}, Rune},
        title = "{$\infty$-operads via symmetric sequences}",
      journal = {arXiv e-prints},
     keywords = {Mathematics - Algebraic Topology, Mathematics - Category Theory},
         year = 2017,
        month = aug,
          eid = {arXiv:1708.09632},
        pages = {arXiv:1708.09632},
archivePrefix = {arXiv},
       eprint = {1708.09632},
 primaryClass = {math.AT},
       adsurl = {https://ui.adsabs.harvard.edu/abs/2017arXiv170809632H},
      adsnote = {Provided by the SAO/NASA Astrophysics Data System}
}

@article {Francis-Gaitsgory,
    AUTHOR = {Francis, John and Gaitsgory, Dennis},
     TITLE = {Chiral {K}oszul duality},
   JOURNAL = {Selecta Math. (N.S.)},
  FJOURNAL = {Selecta Mathematica. New Series},
    VOLUME = {18},
      YEAR = {2012},
    NUMBER = {1},
     PAGES = {27--87},
      ISSN = {1022-1824},
   MRCLASS = {14F10 (14F05 14H81 17B55 18D10 18D50)},
  MRNUMBER = {2891861},
MRREVIEWER = {Beno\^{\i}t Fresse},
       DOI = {10.1007/s00029-011-0065-z},
       URL = {https://doi.org/10.1007/s00029-011-0065-z},
}

@article {Hopkins-Smith,
    AUTHOR = {Hopkins, Michael J. and Smith, Jeffrey H.},
     TITLE = {Nilpotence and stable homotopy theory. {II}},
   JOURNAL = {Ann. of Math. (2)},
  FJOURNAL = {Annals of Mathematics. Second Series},
    VOLUME = {148},
      YEAR = {1998},
    NUMBER = {1},
     PAGES = {1--49},
      ISSN = {0003-486X},
   MRCLASS = {55P42 (55N20 55Q10)},
  MRNUMBER = {1652975},
MRREVIEWER = {David A. Blanc},
       DOI = {10.2307/120991},
       URL = {https://doi.org/10.2307/120991},
}

@article {Behrens-Rezk,
    AUTHOR = {Behrens, Mark and Rezk, Charles},
     TITLE = {The {B}ousfield-{K}uhn functor and topological
              {A}ndr\'{e}-{Q}uillen cohomology},
   JOURNAL = {Invent. Math.},
  FJOURNAL = {Inventiones Mathematicae},
    VOLUME = {220},
      YEAR = {2020},
    NUMBER = {3},
     PAGES = {949--1022},
      ISSN = {0020-9910},
   MRCLASS = {55S25 (55P43 55Q51)},
  MRNUMBER = {4094969},
       DOI = {10.1007/s00222-019-00941-x},
       URL = {https://doi.org/10.1007/s00222-019-00941-x},
}

@article {Milnor-Moore,
    AUTHOR = {Milnor, John W. and Moore, John C.},
     TITLE = {On the structure of {H}opf algebras},
   JOURNAL = {Ann. of Math. (2)},
  FJOURNAL = {Annals of Mathematics. Second Series},
    VOLUME = {81},
      YEAR = {1965},
     PAGES = {211--264},
      ISSN = {0003-486X},
   MRCLASS = {55.40 (55.34)},
  MRNUMBER = {174052},
MRREVIEWER = {I. M. James},
       DOI = {10.2307/1970615},
       URL = {https://doi.org/10.2307/1970615},
}

@article {AFT,
    AUTHOR = {Nguyen, Hoang Kim and Raptis, George and Schrade, Christoph},
     TITLE = {Adjoint functor theorems for {$\infty$}-categories},
   JOURNAL = {J. Lond. Math. Soc. (2)},
  FJOURNAL = {Journal of the London Mathematical Society. Second Series},
    VOLUME = {101},
      YEAR = {2020},
    NUMBER = {2},
     PAGES = {659--681},
      ISSN = {0024-6107},
   MRCLASS = {18A40 (55U35 55U40)},
  MRNUMBER = {4093970},
MRREVIEWER = {Scott Balchin},
       DOI = {10.1112/jlms.12282},
       URL = {https://doi.org/10.1112/jlms.12282},
}

@article {Brantner-Heuts,
    AUTHOR = {Brantner, Lukas and Heuts, Gijs},
     TITLE = {The {$v_n$}-periodic {G}oodwillie tower on wedges and
              cofibres},
   JOURNAL = {Homology Homotopy Appl.},
  FJOURNAL = {Homology, Homotopy and Applications},
    VOLUME = {22},
      YEAR = {2020},
    NUMBER = {1},
     PAGES = {167--184},
      ISSN = {1532-0073},
   MRCLASS = {55Q20 (55Q51)},
  MRNUMBER = {4031997},
       DOI = {10.4310/HHA.2020.v22.n1.a10},
       URL = {https://doi.org/10.4310/HHA.2020.v22.n1.a10},
}

@article {Mitchell,
    AUTHOR = {Mitchell, Stephen A.},
     TITLE = {Finite complexes with {$A(n)$}-free cohomology},
   JOURNAL = {Topology},
  FJOURNAL = {Topology. An International Journal of Mathematics},
    VOLUME = {24},
      YEAR = {1985},
    NUMBER = {2},
     PAGES = {227--246},
      ISSN = {0040-9383},
   MRCLASS = {55P99 (55S10)},
  MRNUMBER = {793186},
MRREVIEWER = {Donald M. Davis},
       DOI = {10.1016/0040-9383(85)90057-6},
       URL = {https://doi.org/10.1016/0040-9383(85)90057-6},
}

@article {Nikolaus-Schreiber-Stevenson_1,
    AUTHOR = {Nikolaus, Thomas and Schreiber, Urs and Stevenson, Danny},
     TITLE = {Principal {$\infty$}-bundles: general theory},
   JOURNAL = {J. Homotopy Relat. Struct.},
  FJOURNAL = {Journal of Homotopy and Related Structures},
    VOLUME = {10},
      YEAR = {2015},
    NUMBER = {4},
     PAGES = {749--801},
      ISSN = {2193-8407},
   MRCLASS = {55R99 (18G60 55U35)},
  MRNUMBER = {3423073},
MRREVIEWER = {Timothy Porter},
       DOI = {10.1007/s40062-014-0083-6},
       URL = {https://doi.org/10.1007/s40062-014-0083-6},
}

@book {H_inf,
    AUTHOR = {Bruner, R. R. and May, J. P. and McClure, J. E. and
              Steinberger, M.},
     TITLE = {{$H_\infty $} ring spectra and their applications},
    SERIES = {Lecture Notes in Mathematics},
    VOLUME = {1176},
 PUBLISHER = {Springer-Verlag, Berlin},
      YEAR = {1986},
     PAGES = {viii+388},
      ISBN = {3-540-16434-0},
   MRCLASS = {55-02 (55P42 55Sxx)},
  MRNUMBER = {836132},
MRREVIEWER = {Haynes R. Miller},
       DOI = {10.1007/BFb0075405},
       URL = {https://doi.org/10.1007/BFb0075405},
}

@book {Adams_blue_book,
    AUTHOR = {Adams, J. F.},
     TITLE = {Stable homotopy and generalised homology},
    SERIES = {Chicago Lectures in Mathematics},
 PUBLISHER = {University of Chicago Press, Chicago, Ill.-London},
      YEAR = {1974},
     PAGES = {x+373},
   MRCLASS = {55B20 (55E10)},
  MRNUMBER = {0402720},
MRREVIEWER = {P. S. Landweber},
}

@article {Soule,
    AUTHOR = {Soul\'{e}, Christophe},
     TITLE = {Op\'{e}rations en {$K$}-th\'{e}orie alg\'{e}brique},
   JOURNAL = {Canad. J. Math.},
  FJOURNAL = {Canadian Journal of Mathematics. Journal Canadien de
              Math\'{e}matiques},
    VOLUME = {37},
      YEAR = {1985},
    NUMBER = {3},
     PAGES = {488--550},
      ISSN = {0008-414X},
   MRCLASS = {18F25 (14C35 14F15 19E08)},
  MRNUMBER = {787114},
MRREVIEWER = {Ulf Rehmann},
       DOI = {10.4153/CJM-1985-029-x},
       URL = {https://doi.org/10.4153/CJM-1985-029-x},
}
	
@phdthesis{Hadrianphdthesis,
  author       = {Hadrian Heine}, 
  title        = {Restricted $L_\infty$-algebras
},
  school       = {Osnabrück University},
  year         = 2019,
}

@article {Ching-Harper,
    AUTHOR = {Ching, Michael and Harper, John E.},
     TITLE = {Derived {K}oszul duality and {$\operatorname{TQ}$}-homology completion
              of structured ring spectra},
   JOURNAL = {Adv. Math.},
  FJOURNAL = {Advances in Mathematics},
    VOLUME = {341},
      YEAR = {2019},
     PAGES = {118--187},
      ISSN = {0001-8708},
   MRCLASS = {55P43 (18G55 55P48 55U35)},
  MRNUMBER = {3872846},
MRREVIEWER = {Steffen Sagave},
       DOI = {10.1016/j.aim.2018.10.033},
       URL = {https://doi.org/10.1016/j.aim.2018.10.033},
}

@incollection {Fresse_Koszul_Duality,
    AUTHOR = {Fresse, Benoit},
     TITLE = {Koszul duality of operads and homology of partition posets},
 BOOKTITLE = {Homotopy theory: relations with algebraic geometry, group
              cohomology, and algebraic {$K$}-theory},
    SERIES = {Contemp. Math.},
    VOLUME = {346},
     PAGES = {115--215},
 PUBLISHER = {Amer. Math. Soc., Providence, RI},
      YEAR = {2004},
   MRCLASS = {18D50 (05E25 06A07 18C15 55P48)},
  MRNUMBER = {2066499},
MRREVIEWER = {Andrey Yu. Lazarev},
       DOI = {10.1090/conm/346/06287},
       URL = {https://doi.org/10.1090/conm/346/06287},
}
@book {Hatcher,
    AUTHOR = {Hatcher, Allen},
     TITLE = {Algebraic topology},
 PUBLISHER = {Cambridge University Press, Cambridge},
      YEAR = {2002},
     PAGES = {xii+544},
      ISBN = {0-521-79160-X; 0-521-79540-0},
   MRCLASS = {55-01 (55-00)},
  MRNUMBER = {1867354},
MRREVIEWER = {Donald W. Kahn},
}

@article {Ginzburg-Kapranov,
    AUTHOR = {Ginzburg, Victor and Kapranov, Mikhail},
     TITLE = {Koszul duality for operads},
   JOURNAL = {Duke Math. J.},
  FJOURNAL = {Duke Mathematical Journal},
    VOLUME = {76},
      YEAR = {1994},
    NUMBER = {1},
     PAGES = {203--272},
      ISSN = {0012-7094},
   MRCLASS = {18D10 (14H10 16S99 18G50 55P47)},
  MRNUMBER = {1301191},
MRREVIEWER = {Igor K\v{r}\'{\i}\v{z}},
       DOI = {10.1215/S0012-7094-94-07608-4},
       URL = {https://doi.org/10.1215/S0012-7094-94-07608-4},
}
@article {Heuts_Koszul,
    AUTHOR = {Heuts, Gijs},
     TITLE = {Koszul duality and a conjecture of Francis-Gaitsgory},
   JOURNAL = {forthcoming},
  FJOURNAL = {},
    VOLUME = {},
      YEAR = {2022},
}

@article {Camarena_mod2_free_spectral_Lie_algebra,
  doi = {10.48550/ARXIV.1611.08771},
  
  url = {https://arxiv.org/abs/1611.08771},
  
  author = {Camarena, Omar Antolín},
  
  keywords = {Algebraic Topology (math.AT), FOS: Mathematics, FOS: Mathematics, 55P43, 55S99, 55S12},
  
  title = {The mod 2 homology of free spectral Lie algebras},
  
  publisher = {arXiv},
  
  year = {2016},
  
  copyright = {arXiv.org perpetual, non-exclusive license}
}

@book {Loday-Vallette,
    AUTHOR = {Loday, Jean-Louis and Vallette, Bruno},
     TITLE = {Algebraic operads},
    SERIES = {Grundlehren der mathematischen Wissenschaften [Fundamental
              Principles of Mathematical Sciences]},
    VOLUME = {346},
 PUBLISHER = {Springer, Heidelberg},
      YEAR = {2012},
     PAGES = {xxiv+634},
      ISBN = {978-3-642-30361-6},
   MRCLASS = {18D50 (16E99)},
  MRNUMBER = {2954392},
MRREVIEWER = {Andrey Yu. Lazarev},
       DOI = {10.1007/978-3-642-30362-3},
       URL = {https://doi.org/10.1007/978-3-642-30362-3},
}

@ARTICLE{Heine_Monads,
       author = {{Heine}, Hadrian},
        title = "{About the equivalence between monads and monadic functors}",
      journal = {arXiv e-prints},
     keywords = {Mathematics - Category Theory},
         year = 2017,
        month = dec,
          eid = {arXiv:1712.00555},
        pages = {arXiv:1712.00555},
archivePrefix = {arXiv},
       eprint = {1712.00555},
 primaryClass = {math.CT},
       adsurl = {https://ui.adsabs.harvard.edu/abs/2017arXiv171200555H},
      adsnote = {Provided by the SAO/NASA Astrophysics Data System}
}

@ARTICLE{Brantner-Mathew,
       author = {{Brantner}, Lukas and {Mathew}, Akhil},
        title = "{Deformation Theory and Partition Lie Algebras}",
      journal = {arXiv e-prints},
     keywords = {Mathematics - Algebraic Geometry, Mathematics - Algebraic Topology, 14D23, 14D15, 14B12, 13D10},
         year = 2019,
        month = apr,
          eid = {arXiv:1904.07352},
        pages = {arXiv:1904.07352},
archivePrefix = {arXiv},
       eprint = {1904.07352},
 primaryClass = {math.AG},
       adsurl = {https://ui.adsabs.harvard.edu/abs/2019arXiv190407352B},
      adsnote = {Provided by the SAO/NASA Astrophysics Data System}
}

@ARTICLE{Glasman,
       author = {{Glasman}, Saul},
        title = "{Day convolution for infinity-categories}",
      journal = {arXiv e-prints},
     keywords = {Mathematics - Category Theory, Mathematics - Algebraic Topology},
         year = 2013,
        month = aug,
          eid = {arXiv:1308.4940},
        pages = {arXiv:1308.4940},
archivePrefix = {arXiv},
       eprint = {1308.4940},
 primaryClass = {math.CT},
       adsurl = {https://ui.adsabs.harvard.edu/abs/2013arXiv1308.4940G},
      adsnote = {Provided by the SAO/NASA Astrophysics Data System}
}